
@book{Alice,
  author    = "Carroll, L.", 
  title     = "Alice's Adventures in Wonderland", 
  publisher = "Macmillan", 
  year      = "1865"
}
@misc{ZXing,
    author       = {srowen Et Al. },
    title        = {{ZXing ("Zebra Crossing") barcode scanning library for Java, Android}},
    note      = {Version 1.9},
    howpublished = {\url{https://github.com/zxing/zxing}}
    }

